../fake_PhysRev_refs.bib